2548 3557
1945 103 1968 135 ,ι
2188 88 2195 123 i

485 177 2047 345 PRAEFATIOAUCTORIS.

187 146 239 181 'VI

516 619 599 666 RE
630 618 804 677 publica
833 619 948 678 effe,
975 621 1153 669 subinde
1183 617 1384 680 cujusque
1417 623 1521 669 artis
1552 622 1874 682 compendium
1899 620 2055 679 scribi,
2084 622 2210 683 sagax
2240 639 2336 671 mo-

531 679 628 724 nuit
661 678 947 724 Verulamius.
985 680 1207 726 Conducit
1239 680 1477 739 progressui
1510 681 1789 729 scientiarum
1821 694 1867 728 ut
1900 715 1913 735 ,
1945 694 2158 738 quantum
2190 684 2335 739 profe-

531 739 701 794 cerint,
733 737 909 797 singulis
937 738 1025 785 fere
1054 737 1215 783 saeculis
1250 750 1458 796 notetur,
1490 754 1624 799 eaque
1657 740 1878 799 pars‘veri
1927 740 1973 784 in
2018 741 2161 797 aliqua
2191 742 2336 786 tabula

529 795 835 853 conservetur,
863 811 957 853 quae
988 811 1044 843 eo
1074 809 1279 854 tempore
1307 797 1525 843 innotuit.
1562 799 1638 843 Ab
1664 801 1754 846 hoc
1782 799 1897 857 qua-si
1941 798 2136 844 termino
2169 799 2333 856 profer-

531 870 575 899 re
606 856 805 901 humanae
835 854 1027 901 scientiae
1055 855 1249 909 limites,
1280 855 1446 901 facillus
1479 856 1676 903 redditur
1703 858 1881 915 posteris
1912 858 1954 902 8<
1973 858 2208 913 decorum,
2227 872 2330 903 cum

533 911 691 971 sponte
718 912 998 970 dispalescat,
1025 913 1131 970 quid
1161 913 1341 970 quisque
1373 915 1487 959 ultra
1518 914 1662 970 priora
1706 915 1886 962 noviter
1929 915 2148 960 invenerit
2176 949 2187 960 .
2231 917 2334 972 Spes

182 968 301 1014 enim
335 970 417 1025 est,
451 985 542 1015 non
572 987 711 1029 porro
740 972 832 1029 pari
864 970 1048 1029 segnitie
1078 972 1194 1016 intra
1226 971 1428 1017 eumdem
1462 972 1677 1017 circulum
1713 1007 1726 1028 ,
1756 975 1926 1018 molam
1958 973 2070 1029 quali
2106 973 2334 1018 circumla-

181 1038 306 1073 turos
338 1028 579 1087 homines,
606 1029 634 1075 fi
666 1031 778 1076 adeo
818 1044 996 1087 promta
1039 1044 1104 1074 res
1135 1029 1268 1074 fuerit
1300 1044 1373 1074 eos
1406 1029 1694 1085 convincere,
1726 1044 1860 1086 quain
1903 1043 2029 1075 certo
2075 1031 2186 1075 olim
2231 1043 2336 1075 nota

181 1085 371 1140 fuerint,
405 1101 494 1141 quas
524 1102 660 1145 nuper
691 1089 944 1145 proferunt.
978 1088 1173 1132 Demum
1206 1103 1309 1132 cum
1341 1087 1464 1144 pauci
1496 1089 1710 1133 mortales·
1739 1103 1787 1133 ea
1818 1087 1899 1132 sint
1935 1088 2169 1143 industria,
2201 1100 2273 1133 aut
2291 1103 2339 1132 ea

181 1142 383 1189 :fruantur
411 1146 773 1202 opportunitate,
804 1158 852 1190 ut
886 1146 962 1202 ipfi
996 1160 1149 1190 verum
1180 1144 1344 1202 poffint
1388 1145 1586 1190 invenire
1615 1179 1629 1200 ,
1673 1146 1717 1190 8<
1761 1162 1863 1190 cum
1908 1145 2092 1190 interim
2136 1145 2336 1202 corporis

180 1201 364 1246 humani
396 1202 638 1250 funt-‘tiones
670 1221 695 1250 a
726 1202 1221 1255 neminevMedicorum
1254 1201 1409 1259 absque
1440 1201 1618 1248 summo
1647 1207 1735 1261 ejus
1767 1203 2037 1260 detrimento
2058 1204 2335 1261 ignorentur,

183 1273 206 1304 e
238 1274 284 1303 re
315 1260 397 1304 erit
429 1262 656 1306 medicinae
686 1295 703 1316 ,
745 1261 1071 1318 promtuarium
1101 1261 1279 1317 aliquod
1322 1259 1589 1306 constituisse*
1619 1295 1635 1316 ,
1677 1262 1724 1306 in
1764 1274 1857 1318 quo
1900 1273 2080 1315 tyrones
2120 1263 2337 1307 elementa

182 1317 458 1363 nobiiiffimae
487 1319 603 1375 artis*
625 1320 751 1365 facile
782 1318 1007 1364 hauriant.
1041 1318 1269 1373 Ejusmodi
1301 1334 1387 1376 ego
1416 1333 1524 1372 opus
1559 1318 1743 1364 scribere
1765 1318 1966 1375 suscepi.
2292 1358 2296 1361 .

244 1375 432 1428 Quando
464 1392 567 1422 vero
598 1378 647 1421 ad
681 1379 795 1422 hunc
828 1377 988 1421 librum
1020 1375 1294 1420 scribendum
1322 1375 1500 1430 acceffi,
1531 1377 1693 1422 dudum
1727 1378 1772 1421 in
1816 1375 2126 1434 physiologicis
2178 1374 2335 1421 labori-

184 1432 260 1477 bus
293 1435 506 1490 majorem
537 1435 643 1480 vitae
674 1450 780 1479 meae
811 1446 982 1489 partem
1013 1434 1266 1490 posueram.
1302 1433 1461 1490 Neque
1491 1449 1595 1491 ergo
1627 1436 1798 1494 ignarus
1832 1434 1992 1480 adveni
2008 1434 2187 1493 magni,
2217 1434 2337 1491 quod

183 1490 301 1536 mihi
335 1490 617 1547 imponebam
635 1522 648 1545 ,
677 1492 854 1544 oneris,
883 1491 1020 1544 seinz,
1051 1490 1079 1535 fi
1113 1491 1290 1547 perinde
1321 1493 1512 1548 gerendo
1541 1492 1776 1539 suffecero.

243 1548 336 1605 Qui
369 1550 690 1608 physiologiam
720 1549 899 1602 scribit,
928 1548 1128 1604 corporis
1160 1549 1359 1593 animalis
1391 1550 1588 1597 internos
1621 1564 1771 1597 motus
1801 1587 1813 1606 ,
1844 1549 2148 1606 viscerumque
2181 1564 2330 1595 mune-

182 1620 258 1659 ra,
291 1608 334 1652 ὃ(
364 1609 606 1654 humorum
637 1608 936 1660 mutationeS,
968 1607 1012 1652 8<
1042 1607 1157 1651 vires
1191 1609 1465 1664 exponendas
1499 1608 1632 1654 sumit
1662 1643 1674 1663 ,
1707 1610 1860 1666 quibus
1906 1610 1999 1655 vita
2045 1608 2332 1664 sustentatur3

183 1664 340 1720 quibus
371 1681 517 1712 rerum
548 1667 736 1724 species,
767 1680 849 1722 per
876 1660 1015 1709 sensus
1046 1676 1234 1729 acceptat
1262 1698 1273 1717 ,
1303 1665 1461 1711 animae
1493 1668 1854 1724 repraesentantur
1881 1683 1898 1725 '⁷
1943 1667 2095 1724 quibus
2146 1664 2337 1710 vicissim

183 1722 339 1767 lacerti
373 1725 545 1781 valent,
575 1725 651 1783 qui
682 1724 847 1770 mentis
877 1734 1085 1780 reguntur
1116 1724 1336 1781 imperi03
1371 1724 1527 1781 quibus
1557 1725 1764 1770 alimenta
1796 1725 1843 1770 in
1874 1727 2024 1771 succos
2042 1724 2336 1777 nostros,adeo

187 1780 356 1835 varios,
389 1795 738 1839 convertuntur3
771 1781 924 1839 quibus
956 1783 1138 1829 demum
1168 1797 1222 1826 ex
1254 1782 1306 1826 iis
1338 1782 1498 1837 succis,
1530 1783 1573 1827 3<
1605 1784 1747 1827 nostra
1767 1785 1968 1841 *corpora
1998 1783 2343 1834 conservantur,

192 1836 236 1881 ἃ
269 1839 448 1886 humani
481 1842 650 1899 generis
683 1840 839 1899 jac‘tura
869 1840 997 1885 novis
1031 1840 1238 1897 partubus
1270 1852 1492 1898 reparatur
1511 1868 1521 1879 ·
1553 1840 1890 1898 Ampliffiinum·
1922 1851 2039 1886 certe
2068 1838 2275 1898 pensum,
2299 1838 2344 1884 δε

188 1896 316 1942 unius
349 1898 544 1945 hominis
575 1901 752 1959 ingenio
784 1900 871 1944 fere
902 1899 1042 1954 majus
1063 1932 1075 1942 .

247 1954 308 1999 Et
339 1957 564 2013 primum,
594 1957 889 2016 cognoscenda
921 1957 979 2001 est
1011 1956 1170 2002 fabrica
1203 1956 1404 2014 corporis
1436 1957 1652 2013 humani,
1681 1959 1800 2016 cujus
1832 1972 1942 2017 pene
1985 1954 2168 2000 infinitae
2200 1965 2341 2010 partes

189 2009 314 2058 sunt.
347 2014 438 2071 Qui
470 2017 792 2075 physiologiam
822 2015 873 2059 ab
904 2027 1111 2060 anatome
1145 2016 1330 2061 avellere
1361 2015 1642 2070 studuerunt,
1670 2016 1701 2060 ii
1735 2028 1851 2061 certe
1885 2015 1996 2061 mihi
2020 2015 2343 2058 videnturcum

190 2072 518 2119 mathematicis
550 2074 667 2131 posse
701 2074 974 2130 comparari,
1007 2073 1082 2129 qui
1116 2074 1332 2119 machinae
1364 2074 1544 2130 alicujus
1577 2074 1692 2119 vires
1723 2075 1766 2120 δ’(
1797 2074 2041 2120 suffitiones
2073 2072 2241 2117 calculo
2269 2084 2342 2113 et<-

192 2129 385 2185 primere
417 2130 681 2190 suscipiunt,
712 2133 831 2183 cujus
863 2145 1006 2188 neque
1034 2143 1151 2176 rotas
1183 2133 1382 2190 cognitas
1415 2133 1604 2187 habent,
1636 2147 1774 2190 neque
1808 2142 2209 2194 cyminum-neque
2224 2141 2346 2191 men-

195 2186 340 2242 suras,
371 2203 509 2245 neque
541 2192 796 2237 materiem.
830 2190 954 2235 Mihi
986 2205 1094 2235 vero
1125 2190 1178 2234 ab
1209 2189 1297 2235 istis
1328 2190 1521 2246 aesopicis
1554 2205 1632 2247 per
1663 2206 1806 2236 aerem
1837 2188 2083 2252 architectis
2115 2188 2221 2232 adeo
2248 2186 2347 2229 alie-

197 2258 252 2288 na
283 2261 407 2291 mens
439 2248 496 2292 est
517 2283 530 2304 ,
562 2262 608 2295 ut
641 2251 720 2295 vix
752 2247 993 2304 quidquam
1025 2263 1104 2293 nos
1139 2248 1185 2292 in
1216 2248 1484 2307 physiologis
1526 2248 1634 2293 scire
1682 2248 1927 2307 persuadear
1953 2282 1967 2303 ,
2014 2245 2090 2302 nisi
2135 2259 2228 2302 quae
2271 2257 2349 2300 per

200 2314 434 2349 anatomen
468 2307 727 2354 didicimus.
761 2306 930 2360 Facile,
961 2319 1097 2363 quam
1128 2321 1231 2351 vera
1264 2322 1471 2352 moneam
1507 2341 1520 2362 ,
1564 2304 1883 2364 persuadebitur
1909 2339 1922 2360 ,
1973 2305 2219 2360 quicunque
2252 2315 2356 2365 earn

201 2362 397 2416 corporis
429 2364 610 2410 humani
644 2364 945 2411 oeconomiam
965 2397 980 2419 ,
1010 2377 1104 2421 quae
1136 2378 1250 2409 nunc
1281 2367 1419 2424 vulgo
1449 2365 1675 2420 innotuit,
1708 2381 1808 2410 cum
1840 2361 2058 2416 Fernelii,
2085 2373 2157 2405 aut
2171 2357 2352 2428 Cjaspart

203 2418 441 2463 Hofmmmi
478 2424 751 2481 physiologia
783 2436 1036 2478 comparare
1069 2422 1286 2467 voluerit.
1320 2423 1553 2482 Ingenium
1586 2423 1630 2466 in
1663 2423 1715 2468 iis
1747 2422 1854 2468 viris
1899 2430 1987 2464 erat
2015 2453 2029 2474 ,
2066 2418 2111 2461 ἃ
2154 2418 2353 2478 lano-rum

208 2476 453 2534 assiduitas,
484 2480 526 2523 ὃ(
562 2482 704 2538 aliqua
734 2492 962 2532 anatome,
995 2491 1067 2524 aut
1102 2494 1155 2523 ex
1186 2480 1349 2526 Graecis
1383 2481 1553 2536 hausta,
1585 2492 1656 2526 aut
1704 2496 1757 2525 ex
1800 2478 2014 2535 aliquibus
2045 2510 2058 2531 ,
2103 2473 2171 2539 sed
2217 2484 2363 2518 nimisr

206 2534 310 2579 raris
332 2569 344 2589 ,
376 2552 615 2594 corporum
648 2541 940 2584 humanorum
971 2535 1272 2582 incisionibus.
1305 2538 1364 2583 Et
1396 2539 1463 2584 his
1497 2549 1643 2583 tamen
1675 2539 1780 2583 viris
1814 2551 1950 2594 neque
1982 2534 2195 2590 sanguinis
2226 2543 2352 2591 vei-us

208 2605 356 2637 motus
389 2595 620 2652 innotuit,
654 2612 795 2654 neque
826 2597 1006 2650 modus,
1039 2609 1127 2652 quo
1159 2596 1306 2640 lumen
1339 2612 1416 2654 per
1446 2598 1594 2642 oculos
1628 2596 1857 2642 refractum
1891 2593 2098 2638 visionem
2127 2586 2319 2653 jperficit
2342 2617 2356 2639 ,

210 2663 350 2705 neque
382 2666 452 2697 aut
488 2654 586 2710 via,
619 2668 690 2699 aut
727 2653 991 2707 artificium,
1020 2667 1109 2709 quo
1141 2655 1290 2706 chylus
1324 2670 1378 2699 ex
1408 2655 1629 2699 alimentis
1661 2652 1874 2711 expressus
1918 2652 1967 2696 ad.
2002 2650 2250 2712 sanguinem
2282 2656 2354 2686 ve·

212 2707 310 2770 ξῐίῖ,
342 2708 524 2773 denique
545 2746 558 2768 ,
589 2712 619 2757 si
651 2712 754 2758 licet
786 2711 999 2758 sincerum
1031 2711 1141 2767 effe,
1171 2713 1222 2757 de
1257 2723 1352 2758 tota
1381 2713 1679 2772 physiologia,
1713 2712 1846 2757 tantis
1880 2709 1986 2756 viris
2020 2721 2095 2750 Vix
2114 2704 2376 2776 quidquam*

211 2778 408 2811 innotuit
427 2801 437 2812 .
668 2787 672 2790 -
713 2797 716 2800 -
928 2809 931 2810 γ
1766 2783 1769 2789 ’

243 2823 348 2884 ‚Se-d
382 2826 600 2884 longatest
630 2839 860 2883 anatome,
892 2828 1213 2886 multarumque
1245 2828 1469 2887 partium;
1503 2827 1715 2883 musculi,
1748 2826 1836 2873 ossa
1858 2860 1871 2880 ,
1903 2822 2141 2882 viscerum·
2167 2828 2362 2887 exterior

217 2885 588 2940 circumscriptio,
620 2886 662 2929 8<
695 2886 821 2940 situs,
852 2886 894 2929 8<
926 2887 1107 2931 aliarum
1141 2889 1332 2944 partium
1374 2889 1425 2932 ad
1469 2888 1570 2931 alias
1612 2887 1725 2933 ratio
1761 2905 1771 2931 :
1821 2883 1971 2929 deinde
2015 2890 2273 2923 arteriarum
2320 2876 2364 2916 ὸ(

216 2949 425 2984 venarum
456 2942 522 2984 his
557 2944 707 2988 nostris
739 2946 917 2989 demum
950 2947 1218 3000 temporibus
1251 2959 1352 2990 nata
1382 2945 1617 3002 descriptio
1649 2978 1660 2995 ‚
1693 2956 1928 3005 nervorum
1973 2937 2167 3001 nondum
2216 2933 2365 2976 evolu-

218 3002 288 3038 tus
321 2996 613 3055 labyrinthus,
644 3001 843 3047 subtilior
872 3005 1050 3047 demum
1082 3003 1304 3048 minorum
1340 3003 1528 3060 partium
1562 3002 1711 3047 incisio
1731 3036 1743 3055 ,
1773 3001 1927 3057 quibus
1959 2994 2122 3040 viscera
2142 3026 2156 3049 ,
2187 2991 2228 3035 ὅ(
2248 2992 2366 3049 glan-

220 3051 355 3107 dulae,
386 3057 428 3101 ὃ(
460 3057 550 3101 aliae
584 3059 819 3115 conspicuae
852 3060 1047 3116 corporis
1079 3061 1277 3106 animalis
1311 3073 1450 3116 partes
1483 3072 1833 3116 componuntur.

279 3111 406 3159 Adeo
436 3113 669 3162 immensus
702 3118 759 3163 est
789 3118 864 3165 iste
896 3120 1048 3175 labor,
1079 3130 1127 3167 ut
1159 3119 1311 3180 magni
1343 3119 1430 3165 viri
1461 3119 1633 3171 laudem
1663 3118 1743 3163 sint
1775 3112 1996 3162 consecuti
2023 3146 2037 3170 ,
2066 3109 2147 3170 qui
2176 3107 2382 3219 aliqueaj11u1s
