2548 3557
221 107 304 136 xit
914 91 1651 142 A·UCTORIS.

227 149 449 194 nutiarum
489 148 835 194 enumerationes
877 145 1038 203 sequi,
1086 164 1270 205 quarum
1314 163 1519 205 praeterea
1565 156 1730 200 utilitas
1777 157 2039 215 plerumque>
2065 157 2140 204 vix
2167 159 2255 204 ulla
2285 158 2361 205 est'v

224 207 341 251 Aliis
375 206 552 251 videbor
581 207 625 250 in
658 206 810 248 eodem
841 203 978 266 studio
1010 206 1171 268 nimius
1204 206 1349 269 fuiffe.
1382 209 1544 254 Veram
1575 212 1818 260 mensuram
1850 218 1947 271 quis
1975 215 2249 264 definiverit?

274 264 531 307 Humanum
561 276 712 316 corpus
743 274 928 324 omnino
958 262 1154 319 descripfi
1190 295 1203 316 ,
1247 279 1295 308 in
1324 277 1413 327 quo
1444 264 1625 313 secando
1657 280 1725 314 tot
1757 286 1892 317 annos
1925 274 2062 329 trivi,
2094 286 2141 320 ut
2172 278 2261 332 ejus
2293 274 2356 319 fa-

221 321 383 365 bricam
415 334 503 363 non
534 318 658 364 unice
689 317 835 365 videre
868 319 1041 366 licuerit
1068 354 1083 375 ,
1130 320 1198 365 sed
1229 332 1421 377 repento
1453 321 1598 375 videre
1625 358 1639 379 ,
1684 338 1890 384 tantaque
1931 347 2032 377 cum
2062 333 2258 377 ubertate
2287 345 2361 375 ex-

220 378 592 434 perimentorum,
622 384 671 420 ut
704 376 864 429 etiam,
896 377 1000 433 quid
1032 390 1318 436 perpetuum,
1352 379 1456 435 quid
1488 380 1719 438 frequens,
1751 386 1855 441 quid
1887 403 2032 434 rarum
2060 388 2114 434 fit
2130 414 2146 442 ·‚
2176 391 2367 447 plerum-

218 449 301 490 que
330 431 508 475 definire
541 431 739 480 licuerit.
772 433 936 485 Addidi
969 437 1156 480 rationes
1185 470 1200 492 ‚
1238 436 1336 480 dedi-
1368 437 1597 485 brutorum
1627 441 1886 489 animalium
1915 446 2158 503 analogias,
2189 448 2232 492 8<
2264 461 2371 491 non-

218 503 441 545 nunquam
470 488 602 534 etiam
633 491 681 533 ad
715 490 1001 538 minutiorem
1034 493 1242 539 fabricam
1289 493 1441 540 iisdem
1489 496 1584 543 sum
1627 497 1722 544 usus
1752 532 1766 558 ,
1812 511 1859 545 ut
1902 516 2128 548 monerem
2174 515 2321 549 tamen
2353 535 2371 558 ‚

217 547 502 592 hominemne
534 547 846 604 describerem,
877 566 930 596 an
961 551 1136 596 bestiam
1156 585 1168 596 .
1198 551 1346 610 Magis
1378 554 1496 599 enim
1527 554 1570 599 8<
1603 556 1890 614 magis‘disco
1921 591 1935 612 ‚
1964 560 2177 605 elementa
2207 576 2363 618 corpo-

219 606 304 658 ris,
336 604 377 646 8<
410 603 620 661 quidquid
653 605 710 649 est
741 606 936 653 subtilius
967 643 980 663 ,
1023 609 1069 653 in
1099 609 1273 655 diversis
1307 613 1647 669 quadrupedibus
1692 615 1879 661 omnino
1910 616 2098 674 ejusdem
2130 617 2210 662 effe
2241 618 2372 663 fabri-

216 675 303 718 cae3
337 663 523 717 majores
556 677 662 707 veto
693 664 736 708 ὃ(
767 665 988 710 craffiores
1019 678 1163 723 partes
1210 682 1293 725 pro
1335 671 1582 717 muneribus
1629 672 1798 719 variare
1832 707 1846 730 ,
1890 687 1984 732 qua:
2026 674 2180 731 cuique
2223 676 2372 733 generi

214 718 470 764 animalium
500 721 675 765 Creator
706 721 1011 780 praescripserit
1029 757 1039 767 .
1354 757 1356 759 >

273 778 326 820 In
358 777 642 822 exscribendis
674 780 859 828 aliorum
890 782 1114 827 auctorum
1147 784 1490 842 experimentis,
1519 786 1780 846 utilibusque
1828 789 2115 848 fragmentis,
2146 788 2274 835 facile
2305 789 2371 835 in-

207 834 396 896 tellig-0,
429 849 482 878 ex
508 835 708 899 *ubertate
738 853 912 896 rerum,
943 841 1242 898 temporisque
1273 844 1453 899 penuria
1481 877 1495 899 ,
1538 845 1581 895 ὃ(
1611 846 1877 903 importunis
1908 846 2336 905 interpellationibus
2355 880 2372 902 ,

211 890 398 950 potuisse
430 891 603 939 subinde
635 910 832 941 erroneas
865 898 1039 956 paginas
1069 932 1082 953 ,
1130 900 1263 945 rarius
1296 902 1482 947 omnino
1513 918 1693 947 erronea
1721 919 1866 950 rerum
1898 905 2147 952 testimonia
2177 905 2225 949 in
2255 919 2366 961 opus

212 964 363 996 meum
397 950 599 996 transire.
633 955 758 999 Hanc
790 956 963 1012 culpam
990 987 1004 1011 ,
1045 971 1155 1014 aegre
1186 959 1240 1002 ab
1283 959 1472 1005 humana
1511 960 1766 1011 conditione
1810 963 2093 1019 separabilem
2116 995 2131 1018 ‚
2180 962 2369 1008 omnino

212 1009 452 1064 deprecor3
484 1009 691 1070 veniam,
722 1013 764 1057 ἃ
796 1014 848 1058 ab
877 1013 1144 1072 indulgentia
1189 1015 1361 1061 lecioris
1405 1017 1645 1074 speraturus
1679 1052 1695 1074 ,
1739 1018 1782 1070 ὅ(
1829 1035 1854 1063 a
1897 1020 2079 1066 levitate
2127 1019 2370 1067 vitiorum,

211 1065 450 1128 Quotquot
482 1068 602 1112 enim
633 1070 814 1127 majoris
846 1072 1065 1117 momenti
1097 1084 1218 1118 erant
1251 1073 1500 1120 testimonia
1526 1109 1539 1131 ,
1571 1075 1723 1133 quibus
1755 1077 2002 1122 constitutis
2033 1077 2368 1140 aliquod-tneo-

212 1137 332 1168 rema
364 1135 608 1185 niteretur,
638 1126 682 1171 ὃ(
714 1128 868 1173 eversis
901 1130 1098 1184 caderet,
1128 1146 1176 1174 ea
1205 1164 1217 1184 ‚
1249 1133 1353 1177 dum
1386 1147 1492 1189 opus
1524 1148 1673 1179 meum
1722 1136 1909 1181 emendo
1932 1160 1953 1189 ·‚
1996 1149 2096 1180 cum
2129 1134 2249 1178 libris
2277 1132 2375 1191 ipfis

213 1181 411 1235 contuli,
442 1181 486 1226 ὅ(
516 1182 775 1229 confirmavi
796 1220 807 1230 .
841 1185 1000 1231 Brevia
1034 1202 1142 1234 vero
1171 1189 1288 1242 quasi
1331 1189 1493 1234 indicia
1537 1192 1796 1247 plerumque
1845 1193 2105 1238 morborum
2135 1225 2150 1247 ‚
2196 1201 2267 1235 aut
2299 1205 2372 1234 ex-

212 1237 566 1294 perimentorum
585 1273 598 1294 ,
629 1242 676 1291 in
707 1244 798 1290 haec
830 1244 1045 1289 elementa
1076 1245 1269 1292 transtuli
1300 1280 1315 1301 ,
1362 1262 1453 1292 non
1480 1250 1601 1305 quod
1643 1249 1843 1306 ignorem
1872 1283 1885 1304 ,
1917 1250 2137 1307 longiores
2167 1247 2369 1312 historiam

212 1298 355 1339 laetam
387 1298 621 1352 quamdam
654 1300 913 1345 varietatem
946 1303 1099 1350 habere
1131 1320 1141 1347 :
1187 1303 1255 1347 sed
1289 1307 1531 1355 cavendum
1561 1317 1685 1362 erat,
1716 1320 1769 1350 ne
1814 1321 1922 1364 opus
1953 1321 2104 1354 meum
2134 1305 2177 1349 &
2209 1319 2256 1350 m
2284 1319 2368 1353 im-

210 1351 410 1399 mensum
443 1354 681 1410 cresceret,
712 1355 755 1400 ἃ
788 1358 882 1403 vita
913 1374 1011 1404 mea
1041 1359 1212 1417 longius
1243 1360 1390 1410 fieret,
1552 1380 1558 1382 f
2181 1373 2189 1383 “

271 1410 469 1457 Laudare
500 1411 605 1455 bene
637 1413 871 1469 meritos,
915 1417 1143 1461 neminem
1174 1419 1321 1465 laedere
1352 1420 1519 1466 studui.
1551 1421 1717 1466 Verum
1750 1422 1875 1469 unice
1907 1422 2114 1478 secutu5.‚
2146 1433 2374 1484 nunquam

213 1484 236 1512 a
266 1470 525 1524 voluntate,
557 1469 664 1526 saepe
696 1472 851 1527 procul
895 1473 1028 1518 dubio
1058 1474 1131 1517 ab
1155 1474 1460 1522 imbecillitate
1502 1479 1546 1524 ὅ(
1591 1480 1843 1525 hominibus
1889 1480 2152 1533 communi,
2180 1478 2224 1521 ὅ(
2257 1479 2371 1523 m1h1

212 1525 497 1583 propria,r-in
527 1527 667 1572 aliena
697 1527 793 1574 sum
824 1530 1053 1588 abreptus.
1087 1530 1367 1589 Hypothefin
1398 1536 1565 1582 nullam
1591 1570 1604 1592 ,
1648 1551 1777 1593 quam
1812 1553 2016 1584 ornarem
2042 1571 2056 1594 ‚
2099 1534 2247 1582 admifi
2266 1568 2277 1579 .
2311 1535 2378 1580 Ut

213 1583 500 1640 impliciter,
531 1585 758 1642 aliquanto
792 1598 940 1634 tamen
979 1623 993 1645 ‚
1032 1601 1169 1648 quam
1200 1590 1246 1635 in
1277 1592 1372 1636 aliis
1404 1594 1513 1639 meis
1545 1593 1718 1651 scriptis
1751 1630 1764 1651 ,
1805 1597 1930 1643 fufius
1960 1610 2028 1642 res
2059 1609 2177 1640 meas
2209 1607 2373 1651 propo·

210 1656 390 1699 nerem,
421 1643 708 1689 vehementer
736 1644 873 1690 studui
892 1679 903 1689 .
1418 1700 1425 1702 ‚
2261 1707 2270 1714 ,

273 1696 350 1743 Bis
382 1702 475 1745 haec
505 1702 721 1746 elementa
749 1737 764 1759 ‚
792 1703 1031 1763 interjeffis
1063 1704 1235 1762 aliquot
1266 1708 1388 1753 annis
1415 1743 1428 1765 ‚
1472 1724 1602 1759 manu
1646 1725 1741 1757 mea
1773 1710 1815 1754 ὃς
1848 1710 2017 1768 scripfi,
2047 1711 2091 1754 8<
2123 1708 2325 1773 mundius
2353 1740 2370 1764 ,

217 1770 348 1815 atque
381 1772 482 1804 cum
514 1759 666 1815 aliquo
698 1759 814 1805 limae
845 1760 920 1806 usu
963 1765 1221 1821 recognita,
1249 1767 1393 1811 denuo
1437 1768 1596 1811 chartae
1642 1769 1841 1813 commisi
1875 1802 1885 1813 .
1921 1768 2088 1813 Poterit
2124 1778 2269 1811 tamen
2299 1766 2369 1809 ab·

213 1815 350 1861 sentia
383 1817 676 1873 Typogmphi
709 1817 924 1874 effeciffe,
955 1833 1003 1866 ut
1036 1821 1143 1866 vitia
1187 1823 1474 1879 subrepserint
1500 1857 1514 1879 ‚
1555 1825 1598 1869 ἃ
1626 1823 1867 1881 subrepsisse
1912 1827 1999 1882 jam
2030 1825 2188 1868 video:
2222 1823 2292 1867 sed
2324 1836 2371 1885 ea

212 1870 443 1937 necessaria
474 1874 534 1920 est
564 1875 787 1924 calamitas
810 1910 825 1934 ,
856 1877 1030 1935 quoties
1060 1879 1144 1929 alia
1174 1880 1223 1926 in
1263 1880 1448 1929 civitate
1489 1883 1662 1940 prelum
1693 1881 1749 1926 est
1780 1915 1794 1936 ,
1837 1883 1884 1926 in
1914 1882 1997 1931 alia
2025 1880 2196 1927 Auelor
2226 1894 2371 1938 operis

209 1934 328 1977 deoit
346 1965 357 1977 .
1975 1948 1979 1951 ’
2276 1981 2280 1984 -

264 1967 481 2048 {ongum
511 2005 650 2049 opus,
680 2002 729 2038 ut
759 1991 868 2040 finet
900 1996 1133 2052 valetudO,
1163 1998 1208 2044 ἃ
1238 1996 1383 2043 otium
1405 2023 1430 2054 -,
1472 2007 1520 2043 ut
1551 1996 1636 2041 alia
1667 1997 1768 2045 vitae
1800 1995 1945 2042 civilis
1996 2010 2172 2042 munera
2215 1995 2373 2059 admit-

212 2057 338 2102 tent,
367 2049 528 2107 urgebo
558 2049 783 2097 indefessus
809 2086 819 2097 .
855 2052 1007 2099 Primo
1038 2055 1256 2101 volumini
1304 2056 1489 2100 alterum
1520 2088 1533 2111 ,
1574 2056 1736 2100 dudum
1767 2054 2262 2118 absolutum,·secundis
2293 2067 2367 2097 ve-

211 2121 264 2153 ro
294 2106 406 2152 curis
437 2108 719 2154 recolendum
740 2143 754 2165 ‚
785 2111 1042 2168 propediem
1074 2112 1271 2160 succedet
1299 2147 1310 2158 .
1344 2114 1565 2158 Ossavum
1612 2124 1770 2168 totum
1790 2127 1897 2170 opus
1928 2113 2219 2176 terminabit..
2253 2110 2370 2155 Inte-

213 2164 303 2209 rim
333 2180 383 2209 ea
412 2166 640 2212 volumina
671 2168 733 2212 ita
763 2168 1078 2227 distinguentur
1102 2205 1115 2227 ‚
1146 2183 1194 2216 ut
1224 2173 1351 2229 plena
1399 2170 1571 2228 semper
1613 2170 1787 2228 alicujus
1828 2184 2052 2229 praeeipuae
2085 2182 2220 2227 partis
2254 2168 2367 2232 Pny-

212 2221 403 2282 fiologiae
433 2223 671 2279 trafiatio,
700 2226 859 2281 quovis
890 2243 991 2273 cum
1023 2239 1152 2274 tomo
1196 2231 1247 2274 ad
1293 2228 1430 2274 finem
1477 2229 1735 2288 perducatur
1765 2263 1778 2284 ,
1824 2240 1954 2292 atque
2002 2229 2111 2273 adeo
2145 2260 2157 2281 ,
2201 2226 2231 2271 fi
2273 2237 2367 2290 vita

216 2295 316 2328 mea
347 2280 435 2325 toti
466 2282 590 2339 operi
616 2282 885 2330 absolvendo
915 2285 1250 2332 non.suffecerit
1275 2320 1288 2342 ,
1333 2299 1449 2335 certe
1480 2298 1554 2331 aut
1586 2299 1681 2331 tota
1712 2285 1923 2349 sanguinis
1955 2286 1998 2331 8<
2030 2286 2262 2330 humorum
2291 2285 2365 2329 hl-

216 2337 376 2392 storia,
407 2351 479 2384 aut
511 2350 717 2396 praeterea
745 2341 972 2400 respiratio
1002 2344 1168 2390 &Vox
1193 2375 1205 2397 ‚
1235 2346 1388 2390 deinde
1420 2345 1645 2390 cerebrum
1676 2379 1689 2401 ,
1731 2343 1907 2389 musculi
1954 2343 1996 2386 ἃ
2028 2341 2196 2406 sensus,
2228 2356 2362 2404 porr-0

218 2396 420 2497 ciborium
445 2399 796 2498 hczquendorum
838 2415 998 2459 organa
1032 2435 1047 2460 ,
1094 2402 1280 2461 denique
1321 2402 1614 2464 generationis
1666 2402 1946 2452 instrumenta
1989 2400 2180 2448 totidem
2227 2410 2363 2446 tornis

220 2465 415 2512 exposta
478 2469 500 2499 a
531 2467 704 2501 eantur.

323 2571 471 2614 Bernae
503 2575 569 2617 28.
599 2568 750 2628 April.
787 2586 907 2630 1757ο

2230 3016 2388 3090 ηεξ
